@article{derenoncourt2022,
  title={Can you move to opportunity? Evidence from the Great Migration},
  author={Derenoncourt, Ellora},
  journal={American Economic Review},
  volume={112},
  number={2},
  pages={369--408},
  year={2022}
}
@report{aeg2014,
author = {Jason Horwitz and Anderson Economic Group, LLC},
title = {The Economic Impact of the
Barack Obama Presidential
Library in Chicago},
institution = {Commissioned by: The University of Chicago},
year = {2014}
}
@article{southside2022,
 author  = {Serrato, Jacqueline, and Sier, Pat and Runes, Charmaine},
 date    = {02-24-2022},
 year    = {2022},
 title   = {Mapping Chicago's Racial Segregation},
 journal = {South Side Weekly},
 url     ={https://interactive.wttw.com/firsthand/segregation/mapping-chicago-racial-segregation}
}
@online{chicagohistory,
  author = {City of Chicago},
  title = {Chicago History},
  year = {2023},
  url = {https://www.chicago.gov/city/en/about/history.html}
}
@online{chicagobrit,
  author = {Perry R. Duis and Cathlyn Schallhorn},
  title = {History of Chicago},
  year = {2023},
  publisher = {Encyclopaedia Britannica},
  url = {https://www.britannica.com/place/Chicago/History}
}
@report{seg2021,
author = {Stephen Menendian and Samir Gambhir and Arthur Gailes},
title = {Twenty-First Century Racial Residential Segregation in the
United States},
institution = {Othering \& Belonging Institute, Univserity of California Berkeley},
year = {2021}
}
@article{ahlfeldt2015,
  title={The economics of density: Evidence from the Berlin Wall},
  author={Ahlfeldt, Gabriel M and Redding, Stephen J and Sturm, Daniel M and Wolf, Nikolaus},
  journal={Econometrica},
  volume={83},
  number={6},
  pages={2127--2189},
  year={2015},
  publisher={Wiley Online Library}
}
@article{owens2020,
  title={Rethinking detroit},
  author={Owens III, Raymond and Rossi-Hansberg, Esteban and Sarte, Pierre-Daniel},
  journal={American Economic Journal: Economic Policy},
  volume={12},
  number={2},
  pages={258--305},
  year={2020},
  publisher={American Economic Association 2014 Broadway, Suite 305, Nashville, TN 37203-2425}
}
@article{davis2011,
  title={Household expenditures, wages, rents},
  author={Davis, Morris A and Ortalo-Magn{\'e}, Fran{\c{c}}ois},
  journal={Review of Economic Dynamics},
  volume={14},
  number={2},
  pages={248--261},
  year={2011},
  publisher={Elsevier}
}